
@InCollection{Feigenbaum1963a,
  author =	 {E. A. Feigenbaum},
  title =	 {The simulation of verbal learning behavior},
  booktitle =	 {Computers and thought},
  publisher =	 {McGraw-Hill},
  year =	 1963,
  editor =	 {E. A. Feigenbaum and J. Feldman},
  address =	 {New York}
}

@Article{Hill1983a,
  author =	 {J. A. C. Hill},
  title =	 {A computational model of language acquisition in the
                  two-year old},
  journal =	 {Cognition and Brain Theory},
  year =	 1983,
  volume =	 6,
  pages =	 {287--317}
}

@TechReport{OhlssonLangley1985a,
  author =	 {S. Ohlsson and P. Langley},
  title =	 {Identifying solution paths in cognitive diagnosis},
  institution =	 {Carnegie Mellon University, The Robotics Institute},
  year =	 1985,
  address =	 {Pittsburgh, PA},
  number =	 {CMU-RI-TR-85-2}
}

@PhdThesis{Lewis1978a,
  author =	 {C. Lewis},
  title =	 {Production system models of practice effects},
  school =	 {Department of Psychology, University of Michigan,
                  Ann Arbor},
  year =	 1978,
  type =	 {Doctoral dissertation}
}

@Book{NewellSimon1972a,
  author =	 {A. Newell and H. A. Simon},
  title =	 {Human problem solving},
  publisher =	 {Prentice-Hall},
  year =	 1972,
  address =	 {Englewood Cliffs, NJ}
}

@Book{ShragerLangley1990a,
  editor =	 {J. Shrager and P. Langley},
  title =	 {Computational models of scientific discovery and
                  theory formation},
  publisher =	 {Morgan Kaufmann},
  year =	 1990,
  address =	 {San Mateo, CA}
}


@article{benor2006,
	title = {The chicken or the egg? A probabilistic analysis of English binomials},
	author = {Benor, Sarah Bunin and Levy, Roger},
	year = {2006},
	date = {2006},
	journal = {Language},
	pages = {233{\textendash}278},
}

@inproceedings{liu2020,
	title = {Frequency-dependent Regularization in Constituent Ordering Preferences.},
	author = {Liu, Zoey and Morgan, Emily},
	year = {2020},
	date = {2020},
	url = {https://www.cognitivesciencesociety.org/cogsci20/papers/0751/0751.pdf}
}

@inproceedings{liu2021,
	title = {Frequency-Dependent Regularization in Syntactic Constructions},
	author = {Liu, Zoey and Morgan, Emily},
	year = {2021},
	date = {2021},
	pages = {387{\textendash}389},
	url = {https://aclanthology.org/2021.scil-1.41.pdf}
}

@article{morganModelingIdiosyncraticPreferences2015,
	title = {Modeling idiosyncratic preferences : How generative knowledge and expression frequency jointly determine language structure},
	author = {Morgan, Emily and Levy, Roger},
	year = {2015},
	date = {2015},
	pages = {1649--1654}
}

@article{realiEvolutionFrequencyDistributions2009,
	title = {The evolution of frequency distributions: Relating regularization to inductive biases through iterated learning},
	author = {Reali, Florencia and Griffiths, Thomas L.},
	year = {2009},
	date = {2009},
	journal = {Cognition},
	pages = {317--328},
	volume = {111},
	number = {3},
	doi = {10.1016/j.cognition.2009.02.012},
	url = {http://dx.doi.org/10.1016/j.cognition.2009.02.012},
	note = {PMID: 19327759
Publisher: Elsevier B.V.}
}

@article{gibson2013,
	title = {Rational integration of noisy evidence and prior semantic expectations in sentence interpretation},
	author = {Gibson, Edward and Bergen, Leon and Piantadosi, Steven T.},
	year = {2013},
	month = {05},
	date = {2013-05-14},
	journal = {Proceedings of the National Academy of Sciences},
	pages = {8051--8056},
	volume = {110},
	number = {20},
	doi = {10.1073/pnas.1216438110},
	url = {https://www.pnas.org/doi/abs/10.1073/pnas.1216438110},
	note = {Publisher: Proceedings of the National Academy of Sciences}
}

@article{keshevNoisyBetterRare2021,
	title = {Noisy is better than rare: Comprehenders compromise subject-verb agreement to form more probable linguistic structures},
	author = {Keshev, Maayan and Meltzer-Asscher, Aya},
	year = {2021},
	month = {02},
	date = {2021-02-01},
	journal = {Cognitive Psychology},
	pages = {101359},
	volume = {124},
	doi = {10.1016/j.cogpsych.2020.101359},
	url = {https://www.sciencedirect.com/science/article/pii/S0010028520300888}
}

@inproceedings{levyNoisychannel2008,
	title = {A noisy-channel model of human sentence comprehension under uncertain input},
	author = {Levy, Roger},
	year = {2008},
	date = {2008},
	pages = {234{\textendash}243},
	url = {https://aclanthology.org/D08-1025.pdf}
}

@article{ferreiraGoodEnoughApproach2007,
	title = {The {\textquoteleft}Good Enough{\textquoteright} Approach to Language Comprehension},
	author = {Ferreira, Fernanda and Patson, Nikole D.},
	year = {2007},
	month = {03},
	date = {2007-03},
	journal = {Language and Linguistics Compass},
	pages = {71--83},
	volume = {1},
	number = {1-2},
	doi = {10.1111/j.1749-818X.2007.00007.x},
	url = {https://compass.onlinelibrary.wiley.com/doi/10.1111/j.1749-818X.2007.00007.x},
	langid = {en}
}

@article{saffranStatisticalLearning8MonthOld1996,
	title = {Statistical Learning by 8-Month-Old Infants},
	author = {Saffran, Jenny R. and Aslin, Richard N. and Newport, Elissa L.},
	year = {1996},
	month = {12},
	date = {1996-12-13},
	journal = {Science},
	pages = {1926--1928},
	volume = {274},
	number = {5294},
	doi = {10.1126/science.274.5294.1926},
	url = {https://www.science.org/doi/10.1126/science.274.5294.1926},
	langid = {en}
}

@article{yuRapidWordLearning2007,
	title = {Rapid Word Learning Under Uncertainty via Cross-Situational Statistics},
	author = {Yu, Chen and Smith, Linda B.},
	year = {2007},
	month = {05},
	date = {2007-05},
	journal = {Psychological Science},
	pages = {414--420},
	volume = {18},
	number = {5},
	doi = {10.1111/j.1467-9280.2007.01915.x},
	url = {http://journals.sagepub.com/doi/10.1111/j.1467-9280.2007.01915.x},
	langid = {en}
}

@inproceedings{poppelsStructuresensitiveNoiseInference2016,
	title = {Structure-sensitive Noise Inference: Comprehenders Expect Exchange Errors.},
	author = {Poppels, Till and Levy, Roger},
	year = {2016},
	date = {2016},
	url = {https://tpoppels.github.io/files/2016-poppels-levy-cogsci-proceedings.pdf}
}

@article{christiansonThematicRolesAssigned2001,
	title = {Thematic Roles Assigned along the Garden Path Linger},
	author = {Christianson, Kiel and Hollingworth, Andrew and Halliwell, John F. and Ferreira, Fernanda},
	year = {2001},
	month = {06},
	date = {2001-06-01},
	journal = {Cognitive Psychology},
	pages = {368--407},
	volume = {42},
	number = {4},
	doi = {10.1006/cogp.2001.0752},
	url = {https://www.sciencedirect.com/science/article/pii/S0010028501907522}
}

@article{morganInputLanguageLearners2021,
	title = {Beyond input: Language learners produce novel relative clause types without exposure.},
	author = {Morgan, Adam M. and Ferreira, Victor S.},
	year = {2021},
	date = {2021},
	journal = {Journal of Cognitive Psychology},
	pages = {483--517},
	volume = {33},
	number = {5},
	doi = {10.1080/20445911.2021.1928678},
	url = {https://doi.org/10.1080/20445911.2021.1928678},
	note = {Publisher: Taylor & Francis}
}

@inproceedings{linSyntacticAnnotationsGoogle2012,
	title = {Syntactic annotations for the google books ngram corpus},
	author = {Lin, Yuri and Michel, Jean-Baptiste and Lieberman, Erez Aiden and Orwant, Jon and Brockman, Will and Petrov, Slav},
	year = {2012},
	date = {2012},
	pages = {169{\textendash}174},
	url = {https://aclanthology.org/P12-3029.pdf}
}

@article{ferdinandCognitiveRootsRegularization2019,
	title = {The cognitive roots of regularization in language},
	author = {Ferdinand, Vanessa and Kirby, Simon and Smith, Kenny},
	year = {2019},
	month = {03},
	date = {2019-03-01},
	journal = {Cognition},
	pages = {53--68},
	volume = {184},
	doi = {10.1016/j.cognition.2018.12.002},
	url = {https://www.sciencedirect.com/science/article/pii/S0010027718303135}
}

@inproceedings{schneiderNoisyChannelModel2020,
	title = {A noisy channel model for systematizing unpredictable input variation},
	author = {Schneider, Jordan and Perkins, Laurel and Feldman, Naomi H.},
	year = {2020},
	date = {2020},
	pages = {533{\textendash}547},
	url = {http://www.lingref.com/bucld/44/BUCLD44-43.pdf}
}

@article{singletonWhenLearnersSurpass2004,
	title = {When learners surpass their models: The acquisition of American Sign Language from inconsistent input},
	author = {Singleton, Jenny L. and Newport, Elissa L.},
	year = {2004},
	date = {2004},
	journal = {Cognitive psychology},
	pages = {370{\textendash}407},
	volume = {49},
	number = {4},
	url = {https://www.sciencedirect.com/science/article/pii/S0010028504000295},
	note = {Publisher: Elsevier}
}

@article{harmonPuttingOldTools2017,
	title = {Putting old tools to novel uses: The role of form accessibility in semantic extension},
	author = {Harmon, Zara and Kapatsinski, Vsevolod},
	year = {2017},
	date = {2017},
	journal = {Cognitive Psychology},
	pages = {22--44},
	volume = {98},
	doi = {10.1016/j.cogpsych.2017.08.002},
	url = {http://dx.doi.org/10.1016/j.cogpsych.2017.08.002},
	note = {PMID: 28830015
Publisher: Elsevier Inc.}
}

@article{theakstonRoleEntrenchmentChildren2004,
	title = {The role of entrenchment in children{\textquoteright}s and adults{\textquoteright} performance on grammaticality judgment tasks},
	author = {Theakston, Anna L},
	year = {2004},
	month = {01},
	date = {2004-01-01},
	journal = {Cognitive Development},
	pages = {15--34},
	volume = {19},
	number = {1},
	doi = {10.1016/j.cogdev.2003.08.001},
	url = {https://www.sciencedirect.com/science/article/pii/S088520140300056X}
}

@book{kapatsinskiChangingMindsChanging2018,
	title = {Changing minds changing tools: From learning theory to language acquisition to language change},
	author = {Kapatsinski, Vsevolod},
	year = {2018},
	date = {2018},
	publisher = {MIT Press},
	url = {https://books.google.com/books?hl=en&lr=&id=YZxjDwAAQBAJ&oi=fnd&pg=PR5&dq=kapatsinski+changing+minds&ots=9bGhgkCaY0&sig=MHfWF9cbhbtMmx33a0FYSM6AMAs}
}

@article{hudsonkamGettingItRight2009,
	title = {Getting it right by getting it wrong: When learners change languages},
	author = {Hudson Kam, Carla L. and Newport, Elissa L.},
	year = {2009},
	month = {08},
	date = {2009-08-01},
	journal = {Cognitive Psychology},
	pages = {30--66},
	volume = {59},
	number = {1},
	doi = {10.1016/j.cogpsych.2009.01.001},
	url = {https://www.sciencedirect.com/science/article/pii/S0010028509000048}
}

@article{kirbyCumulativeCulturalEvolution2008,
	title = {Cumulative cultural evolution in the laboratory: An experimental approach to the origins of structure in human language},
	author = {Kirby, Simon and Cornish, Hannah and Smith, Kenny},
	year = {2008},
	month = {08},
	date = {2008-08-05},
	journal = {Proceedings of the National Academy of Sciences},
	pages = {10681--10686},
	volume = {105},
	number = {31},
	doi = {10.1073/pnas.0707835105},
	url = {https://pnas.org/doi/full/10.1073/pnas.0707835105},
	langid = {en}
}

@article{levyProcessingExtraposedStructures2012,
	title = {The processing of extraposed structures in English},
	author = {Levy, Roger and Fedorenko, Evelina and Breen, Mara and Gibson, Edward},
	year = {2012},
	month = {01},
	date = {2012-01-01},
	journal = {Cognition},
	pages = {12--36},
	volume = {122},
	number = {1},
	doi = {10.1016/j.cognition.2011.07.012},
	url = {https://www.sciencedirect.com/science/article/pii/S0010027711002010}
}
