
@InCollection{Feigenbaum1963a,
  author =	 {E. A. Feigenbaum},
  title =	 {The simulation of verbal learning behavior},
  booktitle =	 {Computers and thought},
  publisher =	 {McGraw-Hill},
  year =	 1963,
  editor =	 {E. A. Feigenbaum and J. Feldman},
  address =	 {New York}
}

@Article{Hill1983a,
  author =	 {J. A. C. Hill},
  title =	 {A computational model of language acquisition in the
                  two-year old},
  journal =	 {Cognition and Brain Theory},
  year =	 1983,
  volume =	 6,
  pages =	 {287--317}
}

@TechReport{OhlssonLangley1985a,
  author =	 {S. Ohlsson and P. Langley},
  title =	 {Identifying solution paths in cognitive diagnosis},
  institution =	 {Carnegie Mellon University, The Robotics Institute},
  year =	 1985,
  address =	 {Pittsburgh, PA},
  number =	 {CMU-RI-TR-85-2}
}

@PhdThesis{Lewis1978a,
  author =	 {C. Lewis},
  title =	 {Production system models of practice effects},
  school =	 {Department of Psychology, University of Michigan,
                  Ann Arbor},
  year =	 1978,
  type =	 {Doctoral dissertation}
}

@Book{NewellSimon1972a,
  author =	 {A. Newell and H. A. Simon},
  title =	 {Human problem solving},
  publisher =	 {Prentice-Hall},
  year =	 1972,
  address =	 {Englewood Cliffs, NJ}
}

@Book{ShragerLangley1990a,
  editor =	 {J. Shrager and P. Langley},
  title =	 {Computational models of scientific discovery and
                  theory formation},
  publisher =	 {Morgan Kaufmann},
  year =	 1990,
  address =	 {San Mateo, CA}
}


@article{benor2006,
	title = {The chicken or the egg? A probabilistic analysis of English binomials},
	author = {Benor, Sarah Bunin and Levy, Roger},
	year = {2006},
	date = {2006},
	journal = {Language},
	pages = {233{\textendash}278},
}

@inproceedings{liu2020,
	title = {Frequency-dependent Regularization in Constituent Ordering Preferences.},
	author = {Liu, Zoey and Morgan, Emily},
	year = {2020},
	date = {2020},
	url = {https://www.cognitivesciencesociety.org/cogsci20/papers/0751/0751.pdf}
}

@inproceedings{liu2021,
	title = {Frequency-Dependent Regularization in Syntactic Constructions},
	author = {Liu, Zoey and Morgan, Emily},
	year = {2021},
	date = {2021},
	pages = {387{\textendash}389},
	url = {https://aclanthology.org/2021.scil-1.41.pdf}
}

@article{morganModelingIdiosyncraticPreferences2015,
	title = {Modeling idiosyncratic preferences : How generative knowledge and expression frequency jointly determine language structure},
	author = {Morgan, Emily and Levy, Roger},
	year = {2015},
	date = {2015},
	pages = {1649--1654}
}

@article{realiEvolutionFrequencyDistributions2009,
	title = {The evolution of frequency distributions: Relating regularization to inductive biases through iterated learning},
	author = {Reali, Florencia and Griffiths, Thomas L.},
	year = {2009},
	date = {2009},
	journal = {Cognition},
	pages = {317--328},
	volume = {111},
	number = {3},
	doi = {10.1016/j.cognition.2009.02.012},
	url = {http://dx.doi.org/10.1016/j.cognition.2009.02.012},
	note = {PMID: 19327759
Publisher: Elsevier B.V.}
}

@article{gibson2013,
	title = {Rational integration of noisy evidence and prior semantic expectations in sentence interpretation},
	author = {Gibson, Edward and Bergen, Leon and Piantadosi, Steven T.},
	year = {2013},
	month = {05},
	date = {2013-05-14},
	journal = {Proceedings of the National Academy of Sciences},
	pages = {8051--8056},
	volume = {110},
	number = {20},
	doi = {10.1073/pnas.1216438110},
	url = {https://www.pnas.org/doi/abs/10.1073/pnas.1216438110},
	note = {Publisher: Proceedings of the National Academy of Sciences}
}
