
@article{gibsonNoisy2013,
	title = {Rational integration of noisy evidence and prior semantic expectations in sentence interpretation},
	author = {Gibson, Edward and Bergen, Leon and Piantadosi, Steven T.},
	year = {2013},
	month = {05},
	date = {2013-05-14},
	journal = {Proceedings of the National Academy of Sciences},
	pages = {8051--8056},
	volume = {110},
	number = {20},
	doi = {10.1073/pnas.1216438110},
	url = {https://www.pnas.org/doi/abs/10.1073/pnas.1216438110},
	note = {Publisher: Proceedings of the National Academy of Sciences}
}

@article{feltyMisperceptionsSpokenWords,
	title = {Misperceptions of spoken words: Data from a random sample of American English words},
	author = {Felty, Robert Albert and Buchwald, Adam and Gruenenfelder, Thomas M. and Pisoni, David B.},
	url = {https://www.robfelty.com/academic-files/docs/FeltyEtAl2013.pdf}
}

@article{realiEvolutionFrequencyDistributions2009,
	title = {The evolution of frequency distributions: Relating regularization to inductive biases through iterated learning},
	author = {Reali, Florencia and Griffiths, Thomas L.},
	year = {2009},
	date = {2009},
	journal = {Cognition},
	pages = {317--328},
	volume = {111},
	number = {3},
	doi = {10.1016/j.cognition.2009.02.012},
	url = {http://dx.doi.org/10.1016/j.cognition.2009.02.012},
	note = {PMID: 19327759
Publisher: Elsevier B.V.}
}
